@mastersthesis{silva,
  title        = {Development of a System for Automatic Plant Species Recognition},
  author       = {Pedro Filipe Silva}, 
  school     = {Faculdade de Ciencias da Universidade do Porto},
  year         =  {2013},
}